<record><leader>00000cas a2200000 a 4500</leader><controlfield tag="001">11531555</controlfield><controlfield tag="008">841228d19421952hiudn ne      0    0eng d</controlfield><datafield ind1=" " ind2=" " tag="010"><subfield code="a">sn 84045380 </subfield></datafield><datafield ind1=" " ind2=" " tag="040"><subfield code="a">HUH</subfield><subfield code="b">eng</subfield><subfield code="c">HUH</subfield><subfield code="d">HWN</subfield><subfield code="d">OCL</subfield><subfield code="d">OCLCQ</subfield></datafield><datafield ind1="0" ind2=" " tag="041"><subfield code="a">engjpn</subfield></datafield><datafield ind1=" " ind2=" " tag="042"><subfield code="a">msc</subfield></datafield><datafield ind1=" " ind2=" " tag="043"><subfield code="a">n-us-hi</subfield></datafield><datafield ind1="0" ind2=" " tag="130"><subfield code="a">Hawaii herald (Honolulu, Hawaii : 1942)</subfield></datafield><datafield ind1="1" ind2="4" tag="245"><subfield code="a">The Hawaii herald.</subfield></datafield><datafield ind1="3" ind2="1" tag="246"><subfield code="a">Hawai ho&#772;chi</subfield></datafield><datafield ind1="1" ind2="7" tag="246"><subfield code="a">Hawaii herald (hochi)</subfield></datafield><datafield ind1="1" ind2="7" tag="246"><subfield code="a">Hawaii hochi (herald)</subfield></datafield><datafield ind1=" " ind2=" " tag="260"><subfield code="a">Honolulu, T.H. :</subfield><subfield code="b">F.K. Makino,</subfield><subfield code="c">1942-1952.</subfield></datafield><datafield ind1=" " ind2=" " tag="300"><subfield code="a">11 v. :</subfield><subfield code="b">ill. ;</subfield><subfield code="c">58 cm.</subfield></datafield><datafield ind1=" " ind2=" " tag="310"><subfield code="a">Daily (except Sun. and holidays)</subfield></datafield><datafield ind1="0" ind2=" " tag="362"><subfield code="a">Vol. 17, no. 254 (Oct. 23, 1942)-v. 27, no. 9 (Jan. 10, 1952).</subfield></datafield><datafield ind1=" " ind2=" " tag="500"><subfield code="a">Added masthead title in Japanese: Hawai ho&#772;chi.</subfield></datafield><datafield ind1=" " ind2=" " tag="500"><subfield code="a">Editor: S. Terasaki.</subfield></datafield><datafield ind1=" " ind2=" " tag="546"><subfield code="a">In English and Japanese.</subfield></datafield><datafield ind1="1" ind2=" " tag="700"><subfield code="a">Terasaki, Sadasuke.</subfield></datafield><datafield ind1=" " ind2=" " tag="752"><subfield code="a">United States</subfield><subfield code="b">Hawaii</subfield><subfield code="c">Honolulu</subfield><subfield code="d">Honolulu.</subfield></datafield><datafield ind1="0" ind2="0" tag="780"><subfield code="t">Hawai ho&#772;chi</subfield><subfield code="w">(DLC)sn 84045379</subfield><subfield code="w">(OCoLC)11503559</subfield></datafield><datafield ind1="0" ind2="0" tag="785"><subfield code="t">Hawaii hochi</subfield><subfield code="w">(DLC)sn 84045381</subfield><subfield code="w">(OCoLC)11531559</subfield></datafield></record>